@online{hadley,
	author = {Hadley Wickham},
	title = {Advanced R},
	url = {http://adv-r.had.co.nz/},
	urldate = {2017-04-30},
	year = {2014},
}

@online{inferno,
	author = {Patrick Burns},
	title = {The R Inferno},
	url = {http://www.burns-stat.com/documents/books/the-r-inferno/},
	urldate = {2017-04-30},
	year = {2011},
}

@online{design,
	author = {Floréal Morandat and Brandon Hill and Leo Osvald and Jan Vitek},
	title = {Evaluating the Design of the R Language},
	subtitle = {Objects and Functions For Data Analysis},
	url = {http://r.cs.purdue.edu/pub/ecoop12.pdf},
	urldate = {2017-04-30},
	year = {2012},
}

@online{about,
	author = {{The R Foundation}},
	title = {What is R?},
	url = {https://www.r-project.org/about.html},
	urldate = {2017-04-30},
	year = {2017},
}

@online{announce2011,
	author = {Peter Dalgaard},
	title = {The R-announce Archives},
	subtitle = {R 2.13.0 is released},
	url = {https://stat.ethz.ch/pipermail/r-announce/2011/000538.html},
	urldate = {2017-04-30},
	year = {2011},
}

@online{announce2017,
	author = {Peter Dalgaard},
	title = {The R-announce Archives},
	subtitle = {R 3.4.0 is released},
	url = {https://stat.ethz.ch/pipermail/r-announce/2017/000612.html},
	urldate = {2017-04-30},
	year = {2017},
}

@online{compiler,
	author = {Luke Tierney},
	title = {A Byte Code Compiler for R},
	url = {http://homepage.divms.uiowa.edu/~luke/R/compiler/compiler.pdf},
	urldate = {2017-04-30},
	year = {2016},
}

@online{rint,
	author = {{R Core Team}},
	title = {R Internals},
	url = {https://cran.r-project.org/doc/manuals/r-release/R-ints.html},
	urldate = {2017-04-30},
	year = {2017},
}

@online{rlang,
	author = {{R Core Team}},
	title = {R Language Definition},
	url = {https://cran.r-project.org/doc/manuals/r-release/R-lang.html},
	urldate = {2017-04-30},
	year = {2017},
}

@online{subset,
	author = {{R Core Team}},
	title = {R Language Definition},
	subtitle = {Subset assignment},
	url = {https://cran.r-project.org/doc/manuals/r-release/R-lang.html#Subset-assignment},
	urldate = {2017-04-30},
	year = {2017},
}

@online{gcc-inline,
	author = {{Free Software Foundation, Inc.}},
	title = {Using the GNU Compiler Collection (GCC)},
	subtitle = {An Inline Function is As Fast As a Macro},
	url = {https://gcc.gnu.org/onlinedocs/gcc/Inline.html},
	urldate = {2017-04-30},
	year = {2017},
}

@online{gcc-register,
	author = {{Free Software Foundation, Inc.}},
	title = {Using the GNU Compiler Collection (GCC)},
	subtitle = {Specifying Registers for Local Variables},
	url = {https://gcc.gnu.org/onlinedocs/gcc/Local-Register-Variables.html},
	urldate = {2017-04-30},
	year = {2017},
}

@online{gcc-computed-goto,
	author = {{Free Software Foundation, Inc.}},
	title = {Using the GNU Compiler Collection (GCC)},
	subtitle = {Labels as Values},
	url = {https://gcc.gnu.org/onlinedocs/gcc/Labels-as-Values.html},
	urldate = {2017-04-30},
	year = {2017},
}

@online{threading,
	author = {Anton Ertl},
	title = {Threaded Code},
	url = {https://www.complang.tuwien.ac.at/forth/threaded-code.html},
	urldate = {2017-04-30},
}

@online{fastr,
	author = {Tomáš Kalibera and Petr Máj and Floréal Morandat and Jan Vitek},
	title = {A Fast Abstract Syntax Tree Interpreter for R},
	url = {http://janvitek.org/pubs/vee14.pdf},
	urldate = {2017-04-30},
	year = {2014},
}

@online{shootout,
	author = {Leo Osvald},
	title = {r-shootout},
	subtitle = {R version of language shootout game},
	url = {http://r.cs.purdue.edu/hg/r-shootout},
	urldate = {2017-04-30},
	year = {2014},
}
